<record><leader>00000cas a2200000 a 4500</leader><controlfield tag="001">18329855</controlfield><controlfield tag="008">880809d19171981aluwr ne      0   a0eng d</controlfield><datafield ind1=" " ind2=" " tag="010"><subfield code="a">sn 88050240 </subfield></datafield><datafield ind1=" " ind2=" " tag="040"><subfield code="a">ALM</subfield><subfield code="b">eng</subfield><subfield code="c">ALM</subfield><subfield code="d">CPN</subfield><subfield code="d">NSD</subfield><subfield code="d">OCL</subfield><subfield code="d">OCLCQ</subfield></datafield><datafield ind1=" " ind2=" " tag="042"><subfield code="a">msc</subfield></datafield><datafield ind1="0" ind2="4" tag="245"><subfield code="a">The Sylacauga news.</subfield></datafield><datafield ind1="3" ind2="0" tag="246"><subfield code="a">Sylacauga news weekender</subfield></datafield><datafield ind1=" " ind2=" " tag="260"><subfield code="a">Sylacauga, Ala. :</subfield><subfield code="b">Victor May,</subfield><subfield code="c">1917-1981.</subfield></datafield><datafield ind1=" " ind2=" " tag="300"><subfield code="a">v.</subfield></datafield><datafield ind1=" " ind2=" " tag="310"><subfield code="a">Weekly,</subfield><subfield code="b">&lt;June 4, 1980-Nov. 25, 1981&gt;</subfield></datafield><datafield ind1=" " ind2=" " tag="321"><subfield code="a">Weekly,</subfield><subfield code="b">&lt;Mar. 1, 1917-Nov. 11, 1971&gt;</subfield></datafield><datafield ind1=" " ind2=" " tag="321"><subfield code="a">Semiweekly,</subfield><subfield code="b">&lt;Nov. 18, 1971-Aug. 5, 1978&gt;</subfield></datafield><datafield ind1=" " ind2=" " tag="321"><subfield code="a">Three times a week,</subfield><subfield code="b">&lt;Aug. 10, 1978-May 31, 1980&gt;</subfield></datafield><datafield ind1="0" ind2=" " tag="362"><subfield code="a">Vol. 1, no. 1 (Mar. 1, 1917)-v. 63, no. 147 (May 31, 1980) ; 1980, no. 6-4 (June 4, 1980)-1981, no. 11-25 (Nov. 25, 1981).</subfield></datafield><datafield ind1=" " ind2=" " tag="500"><subfield code="a">On Saturday, published as: Sylacauga news weekender, &lt;May 27, 1978-May 31, 1980&gt;.</subfield></datafield><datafield ind1=" " ind2=" " tag="515"><subfield code="a">Numbering is irregular.</subfield></datafield><datafield ind1=" " ind2=" " tag="752"><subfield code="a">United States</subfield><subfield code="b">Alabama</subfield><subfield code="c">Talladega</subfield><subfield code="d">Sylacauga.</subfield></datafield><datafield ind1="0" ind2="4" tag="785"><subfield code="t">Daily home</subfield><subfield code="x">1059-6461</subfield><subfield code="w">(DLC)sn 88050234</subfield></datafield></record>